@misc{pyle2019,
    title={A Reservoir Computing Model of Reward-Modulated Motor Learning and Automaticity},
    author={Ryan Pyle and Robert Rosenbaum},
    year={2019},
    month={05},
    url={https://www.researchgate.net/publication/333264822_A_Reservoir_Computing_Model_of_Reward-Modulated_Motor_Learning_and_Automaticity},
    DOI={10.1162/neco_a_01198},
   
}

@article{sussillo2009,
  title={Generating coherent patterns of activity from chaotic neural networks},
  author={Sussillo, David and Abbott, Larry F},
  journal={Neuron},
  volume={63},
  number={4},
  pages={544--557},
  year={2009},
  publisher={Elsevier}
}

@article{hoerzer2014,
  title={Emergence of complex computational structures from chaotic neural networks through reward-modulated Hebbian learning},
  author={Hoerzer, Gregor M and Legenstein, Robert and Maass, Wolfgang},
  journal={Cerebral cortex},
  volume={24},
  number={3},
  pages={677--690},
  year={2014},
  publisher={Oxford University Press}
}

@article{brainard2002,
  title={What songbirds teach us about learning},
  author={Brainard, Michael S and Doupe, Allison J},
  journal={Nature},
  volume={417},
  number={6886},
  pages={351--358},
  year={2002},
  publisher={Nature Publishing Group}
}

@article{olveczky2011,
  title={Changes in the neural control of a complex motor sequence during learning},
  author={{\"O}lveczky, Bence P and Otchy, Timothy M and Goldberg, Jesse H and Aronov, Dmitriy and Fee, Michale S},
  journal={Journal of neurophysiology},
  volume={106},
  number={1},
  pages={386--397},
  year={2011},
  publisher={American Physiological Society Bethesda, MD}
}

@article{matsumoto1998,
  title={Mersenne twister: a 623-dimensionally equidistributed uniform pseudo-random number generator},
  author={Matsumoto, Makoto and Nishimura, Takuji},
  journal={ACM Transactions on Modeling and Computer Simulation (TOMACS)},
  volume={8},
  number={1},
  pages={3--30},
  year={1998},
  publisher={ACM New York, NY, USA}
}
